@article{baturo2017understanding,
  title={Understanding state preferences with text as data: Introducing the UN General Debate corpus},
  author={Baturo, Alexander and Dasandi, Niheer and Mikhaylov, Slava J},
  journal={Research \& Politics},
  volume={4},
  number={2},
  pages={2053168017712821},
  year={2017},
  publisher={SAGE Publications Sage UK: London, England}
}

@data{DVN/0TJX8Y_2017,
author = {Jankin Mikhaylov, Slava and Baturo, Alexander and Dasandi, Niheer},
publisher = {Harvard Dataverse},
title = "{United Nations General Debate Corpus}",
year = {2017},
version = {V5},
doi = {10.7910/DVN/0TJX8Y},
url = {https://doi.org/10.7910/DVN/0TJX8Y}
}

@article{mikolov2013efficient,
  title={Efficient estimation of word representations in vector space},
  author={Mikolov, Tomas and Chen, Kai and Corrado, Greg and Dean, Jeffrey},
  journal={arXiv preprint arXiv:1301.3781},
  year={2013}
}

@article{maaten2008visualizing,
  title={Visualizing data using t-SNE},
  author={Maaten, Laurens van der and Hinton, Geoffrey},
  journal={Journal of machine learning research},
  volume={9},
  number={Nov},
  pages={2579--2605},
  year={2008}
}

@article{rousseeuw1987silhouettes,
  title={Silhouettes: a graphical aid to the interpretation and validation of cluster analysis},
  author={Rousseeuw, Peter J},
  journal={Journal of computational and applied mathematics},
  volume={20},
  pages={53--65},
  year={1987},
  publisher={North-Holland}
}

@article{blei2003latent,
  title={Latent dirichlet allocation},
  author={Blei, David M and Ng, Andrew Y and Jordan, Michael I},
  journal={Journal of machine Learning research},
  volume={3},
  number={Jan},
  pages={993--1022},
  year={2003}
}

@article{gurciullo2017topology,
  title={Topology Analysis of International Networks Based on Debates in the United Nations},
  author={Gurciullo, Stefano and Mikhaylov, Slava},
  journal={arXiv preprint arXiv:1707.09491},
  year={2017}
}

@article{griffiths2007topics,
  title={Topics in semantic representation.},
  author={Griffiths, Thomas L and Steyvers, Mark and Tenenbaum, Joshua B},
  journal={Psychological review},
  volume={114},
  number={2},
  pages={211},
  year={2007},
  publisher={American Psychological Association}
}

@article{plan80marshall,
  title={Marshall Plan},
  author={Plan, Marshall},
  journal={Public law},
  volume={80},
  pages={472}
}
